@misc{wiki,
author = "Wikipedia",
title = "Bluetooth",
note = "\url{https://en.wikipedia.org/wiki/Bluetooth}",
}
@misc{knob,
author = "{KNOB Attack}",
title = "{Key Negotiation of Bluetooth Attack: Breaking Bluetooth Security}",
note = "\url{https://knobattack.com/}",
}
@misc{knobcve,
author = "{Carnegie Mellon University}",
title = "{Bluetooth BR/EDR supported devices are vulnerable to key negotiation attacks}",
note = "\url{https://www.kb.cert.org/vuls/id/918987/}",
}
@article{bias,
author = "{Daniele Antonioli, Nils Ole Tippenhauer and Kasper Rasmussen}",
title = "{BIAS: Bluetooth Impersonation AttackS}",
note = "\url{https://francozappa.github.io/about-bias/publication/antonioli-20-bias/antonioli-20-bias.pdf}",
}